@book{simonOxfordSolidState2013,
  title = {The {{Oxford}} Solid State Basics},
  author = {Simon, Steven H.},
  date = {2013},
  edition = {1st ed},
  publisher = {{Oxford University Press}},
  location = {{Oxford}},
  isbn = {978-0-19-968077-1},
  langid = {english},
  pagetotal = {290},
  keywords = {Solid state physics},
  annotation = {OCLC: ocn853504907},
  file = {/home/preuss/Dropbox/Supernote/Document/Books/Steven H. Simon - The Oxford Solid State Basics (2013, Oxford University Press).pdf}
}

@book{sneppenComplexPhysics2023,
  title = {Complex {{Physics}}},
  author = {Sneppen, Kim and Haerter, Jan O.},
  date = {2023-09-04},
    year=2023,
  langid = {english},
  pagetotal = {316}
}

@book{robeyParallelHighPerformance2021,
  title = {Parallel and High Performance Computing},
  author = {Robey, Robert and Zamora, Yuliana},
  date = {2021},
  publisher = {{Manning}},
  location = {{Shelter Island}},
  isbn = {978-1-61729-646-8},
  pagetotal = {667},
  keywords = {Big data,C\# (Computer program language),Electronic data processing,Instructional and educational works,Parallel programming (Computer science)},
  annotation = {OCLC: on1249107561}
}

@manual{mpi41,
    author = "{Message Passing Interface Forum}",
    title  = "{MPI}: A Message-Passing Interface Standard Version 4.1",
    url    = "https://www.mpi-forum.org/docs/mpi-4.1/mpi41-report.pdf",
    year   = 2023,
    month  = nov
}
